%% This BibTeX bibliography file was created using BibDesk.
%% http://bibdesk.sourceforge.net/


%% Created for Csaba at 2016-10-12 21:30:52 -0600 


%% Saved with string encoding Unicode (UTF-8) 



@inproceedings{sutton2009convergent,
	Author = {Sutton, Richard S. and Maei, Hamid R and {Sz}epesv\'{a}ri, {Cs}aba},
	Booktitle = {NIPS},
	Date-Added = {2016-10-13 03:30:17 +0000},
	Date-Modified = {2016-10-13 03:30:48 +0000},
	Pages = {1609--1616},
	Title = {A Convergent ${O}(n)$ Temporal-difference Algorithm for Off-policy Learning with Linear Function Approximation},
	Year = {2009}}

@inproceedings{sutton2009fast,
	Author = {Sutton, Richard S. and Maei, Hamid Reza and Precup, Doina and Bhatnagar, Shalabh and Silver, David and {Sz}epesv\'{a}ri, {Cs}aba and Wiewiora, Eric},
	Booktitle = {ICML},
	Date-Added = {2016-10-13 03:27:30 +0000},
	Date-Modified = {2016-10-13 03:28:07 +0000},
	Pages = {993--1000},
	Title = {Fast gradient-descent methods for temporal-difference learning with linear function approximation},
	Year = {2009}}

@inproceedings{dabney,
	Author = {Dabney, William and Barto, Andrew G},
	Booktitle = {AAAI},
	Title = {Adaptive Step-Size for Online Temporal Difference Learning.},
	Year = {2012}}

@article{nemirovski,
	Author = {Nemirovski, Arkadi and Juditsky, Anatoli and Lan, Guanghui and Shapiro, Alexander},
	Journal = {SIAM Journal on optimization},
	Number = {4},
	Pages = {1574--1609},
	Publisher = {SIAM},
	Title = {Robust stochastic approximation approach to stochastic programming},
	Volume = {19},
	Year = {2009}}

@inproceedings{sqlpaper,
	Author = {Ghavamzadeh, Mohammad and Kappen, Hilbert J and Azar, Mohammad G and Munos, R{\'e}mi},
	Booktitle = {Advances in neural information processing systems},
	Pages = {2411--2419},
	Title = {Speedy Q-learning},
	Year = {2011}}

@book{chen,
	Author = {Chen, Chi-Tsong},
	Publisher = {Oxford University Press, Inc.},
	Title = {Linear system theory and design},
	Year = {1995}}

@inproceedings{logexp,
	Author = {Gerencseer, L and R{\'a}sonyi, Mikl{\'o}s and Szepesv{\'a}ri, Cs and V{\'a}g{\'o}, Zs},
	Booktitle = {Proceedings of the 44th IEEE Conference on Decision and Control},
	Organization = {IEEE},
	Pages = {1764--1769},
	Title = {Log-optimal currency portfolios and control Lyapunov exponents},
	Year = {2005}}

@inproceedings{gtdref,
	Author = {Sutton, Richard S and Maei, Hamid Reza and Precup, Doina and Bhatnagar, Shalabh and Silver, David and Szepesv{\'a}ri, Csaba and Wiewiora, Eric},
	Booktitle = {Proceedings of the 26th Annual International Conference on Machine Learning},
	Organization = {ACM},
	Pages = {993--1000},
	Title = {Fast gradient-descent methods for temporal-difference learning with linear function approximation},
	Year = {2009}}

@inproceedings{bachaistats,
	Author = {D{\'e}fossez, Alexandre and Bach, Francis R},
	Booktitle = {AISTATS},
	Title = {Averaged Least-Mean-Squares: Bias-Variance Trade-offs and Optimal Sampling Distributions.},
	Year = {2015}}

@inproceedings{gtdfinite,
	Author = {Liu, Bo and Liu, Ji and Ghavamzadeh, Mohammad and Mahadevan, Sridhar and Petrik, Marek},
	Booktitle = {Conference on Uncertainty in Artificial Intelligence},
	Organization = {Citeseer},
	Title = {Finite-sample analysis of proximal gradient TD algorithms},
	Year = {2015}}

@article{borkarsa,
	Author = {Crowder, Martin},
	Journal = {International Statistical Review},
	Number = {2},
	Pages = {306--306},
	Publisher = {Wiley Online Library},
	Title = {Stochastic Approximation: A Dynamical Systems Viewpoint by Vivek S. Borkar},
	Volume = {77},
	Year = {2009}}

@techreport{Tsit,
	Author = {Tsitsiklis, John N. and Roy, Benjamin Van},
	Institution = {IEEE Transactions on Automatic Control},
	Title = {An analysis of temporal-difference learning with function approximation},
	Year = {1997}}

@book{Puter,
	Address = {New York},
	Author = {Puterman, M.L.},
	Publisher = {John Wiley},
	Title = {Markov Decision Processes: Discrete Stochastic Programming},
	Year = {1994}}

@book{BertB,
	Address = {Belmont,MA},
	Author = {Bertsekas, D.P.},
	Edition = {3},
	Publisher = {Athena Scientific},
	Title = {Dynamic Programming and Optimal Control},
	Volume = {II},
	Year = {2007}}

@inproceedings{Gaubert,
	Author = {McEneaney, William M and Deshpande, Ameet and Gaubert, Stephane},
	Booktitle = {American Control Conference, 2008},
	Organization = {IEEE},
	Pages = {4684--4690},
	Title = {Curse-of-complexity attenuation in the curse-of-dimensionality-free method for HJB PDEs},
	Year = {2008}}

@article{akian,
	Author = {Akian, Marianne and Gaubert, St{\'e}phane and Lakhoua, Asma},
	Journal = {SIAM Journal on Control and Optimization},
	Number = {2},
	Pages = {817--848},
	Publisher = {SIAM},
	Title = {The max-plus finite element method for solving deterministic optimal control problems: basic properties and convergence analysis},
	Volume = {47},
	Year = {2008}}

@inproceedings{cohen,
	Author = {Cohen, Guy and Gaubert, St{\'e}phane and Quadrat, Jean-Pierre},
	Booktitle = {Proceedings of WODES'96},
	Pages = {151--158},
	Title = {Kernels, images and projections in dioids},
	Year = {1996}}

@article{mcconv,
	Author = {McEneaney, W. M. and Kluberg, L. J.},
	Journal = {SIAM {J}ournal on Control and Optimization},
	Number = {5},
	Pages = {3052--3079},
	Publisher = {SIAM},
	Title = {Convergence rate for a curse-of-dimensionality-free method for a class of HJB PDEs},
	Volume = {48},
	Year = {2009}}

@article{mc2009,
	Author = {McEneaney, William M and Kluberg, L Jonathan},
	Journal = {SIAM Journal on Control and Optimization},
	Number = {5},
	Pages = {3052--3079},
	Publisher = {SIAM},
	Title = {Convergence rate for a curse-of-dimensionality-free method for a class of HJB PDEs},
	Volume = {48},
	Year = {2009}}

@inproceedings{gaubert2011,
	Author = {Gaubert, Stephane and McEneaney, William and Qu, Zheng},
	Booktitle = {Decision and Control and European Control Conference (CDC-ECC), 2011 50th IEEE Conference on},
	Organization = {IEEE},
	Pages = {1054--1061},
	Title = {Curse of dimensionality reduction in max-plus based approximation methods: Theoretical estimates and improved pruning algorithms},
	Year = {2011}}

@article{fleming2000max,
	Author = {Fleming, W. H. and McEneaney, W. M.},
	Journal = {SIAM {J}ournal on Control and Optimization},
	Number = {3},
	Pages = {683--710},
	Publisher = {SIAM},
	Title = {A Max-Plus-Based Algorithm for a {H}amilton--{J}acobi--{B}ellman Equation of Nonlinear Filtering},
	Volume = {38},
	Year = {2000}}

@inproceedings{mceneaney2002control,
	Author = {McEneaney, W. M. and Fitzpatrick, B. G.},
	Booktitle = {Proceedings First AIAA UAV Symposium, Portsmouth, VA},
	Organization = {Citeseer},
	Title = {Control for {UAV} operations under imperfect information},
	Year = {2002}}

@article{mceneaney2004stochastic,
	Author = {McEneaney, W. M. and Fitzpatrick, B. G. and Lauko, I. G.},
	Journal = {Aerospace and Electronic Systems, IEEE Transactions on},
	Number = {4},
	Pages = {1191--1216},
	Publisher = {IEEE},
	Title = {Stochastic game approach to air operations},
	Volume = {40},
	Year = {2004}}

@inproceedings{cdc,
	Author = {Chandrashekar, L. and Bhatnagar, S.},
	Booktitle = {Decision and Control (CDC), 2014 IEEE 53rd Annual Conference on},
	Month = {Dec},
	Pages = {1588-1593},
	Title = {Approximate Dynamic Programming with (min; +) linear function approximation for Markov decision processes},
	Year = {2014}}

@article{ALP,
	Author = {de Farias, D. P. and {Van~Roy}, B.},
	Journal = {Operations Research},
	Number = {6},
	Pages = {850-865},
	Title = {The Linear Programming Approach to Approximate Dynamic Programming},
	Volume = {51},
	Year = {2003}}

@article{SALP,
	Author = {Desai, V. V. and Farias, V. F. and Moallemi, C. C.},
	Journal = {Operations Research},
	Number = {3},
	Pages = {655--674},
	Publisher = {INFORMS},
	Title = {Approximate dynamic programming via a smoothed linear program},
	Volume = {60},
	Year = {2012}}

@article{CS,
	Author = {de Farias, D. P. and {Van~Roy}, B.},
	Journal = {Math. Oper. Res.},
	Number = {3},
	Pages = {462-478},
	Title = {On Constraint Sampling in the Linear Programming Approach to Approximate Dynamic Programming},
	Volume = {29},
	Year = {2004}}

@article{AAAI,
	Author = {Chandrashekar, L. and Bhatnagar, S.},
	Journal = {AAAI Conference on Artificial Intelligence},
	Title = {A Generalized Reduced Linear Program for Markov Decision Processes},
	Year = {2015}}

@article{prep,
	Author = {Chandrashekar, L. and Bhatnagar, S. and Szepesv\'{a}ri, C.},
	Title = {A Generalized Reduced Linear Program for Markov Decision Processes (extened version under preparation)},
	Year = {2015}}

@article{auto,
	Author = {Chandrashekar, L. and Bhatnagar, S.},
	Title = {A Stability Criterion for Two Timescale StochasticApproximation Schemes", (submitted, Automatica)},
	Year = {2015}}

@article{hcomp,
	Author = {Chandrashekar, L. and Dubey, A. and Bhatnagar, S. and Chithralekha, B.},
	Journal = {Proceedings of the Second {AAAI} Conference on Human Computation and Crowdsourcing, HCOMP},
	Title = {A Markov decision process framework for predictable job completion times on crowdsourcing platforms},
	Year = {2014}}

@inproceedings{mausam,
	Author = {Lin, C. H. and Mausam and Weld, D. S.},
	Booktitle = {Workshops at the Twenty-Sixth AAAI Conference on Artificial Intelligence},
	Title = {Dynamically switching between synergistic workflows for crowdsourcing},
	Year = {2012}}
